<?xml version="1.0" encoding="UTF-8"?>
  <record xmlns="http://www.loc.gov/MARC21/slim" type="Authority">
    <leader>00000nz  a2200000nc 4500</leader>
    <controlfield tag="001">122800915</controlfield>
    <controlfield tag="003">DE-101</controlfield>
    <controlfield tag="005">20210120183639.0</controlfield>
    <controlfield tag="008">010322n||aznnnaabn           | aaa    |c</controlfield>
    <datafield tag="024" ind1="7" ind2=" ">
      <subfield code="a">122800915</subfield>
      <subfield code="0">http://d-nb.info/gnd/122800915</subfield>
      <subfield code="2">gnd</subfield>
    </datafield>
    <datafield tag="035" ind1=" " ind2=" ">
      <subfield code="a">(DE-101)122800915</subfield>
    </datafield>
    <datafield tag="035" ind1=" " ind2=" ">
      <subfield code="a">(DE-588)122800915</subfield>
    </datafield>
    <datafield tag="035" ind1=" " ind2=" ">
      <subfield code="z">(DE-588a)122800915</subfield>
      <subfield code="9">v:zg</subfield>
    </datafield>
    <datafield tag="040" ind1=" " ind2=" ">
      <subfield code="a">DE-12</subfield>
      <subfield code="c">DE-12</subfield>
      <subfield code="9">r:DE-12</subfield>
      <subfield code="b">ger</subfield>
      <subfield code="d">2218</subfield>
    </datafield>
    <datafield tag="042" ind1=" " ind2=" ">
      <subfield code="a">gnd1</subfield>
    </datafield>
    <datafield tag="043" ind1=" " ind2=" ">
      <subfield code="c">XA-DE</subfield>
    </datafield>
    <datafield tag="075" ind1=" " ind2=" ">
      <subfield code="b">p</subfield>
      <subfield code="2">gndgen</subfield>
    </datafield>
    <datafield tag="075" ind1=" " ind2=" ">
      <subfield code="b">pik</subfield>
      <subfield code="2">gndspec</subfield>
    </datafield>
    <datafield tag="079" ind1=" " ind2=" ">
      <subfield code="a">g</subfield>
      <subfield code="q">a</subfield>
      <subfield code="q">f</subfield>
    </datafield>
    <datafield tag="100" ind1="0" ind2=" ">
      <subfield code="a">Juliana</subfield>
      <subfield code="c">Württemberg-Weiltingen, Herzogin</subfield>
      <subfield code="d">1615-1691</subfield>
    </datafield>
    <datafield tag="375" ind1=" " ind2=" ">
      <subfield code="a">2</subfield>
      <subfield code="2">iso5218</subfield>
    </datafield>
    <datafield tag="400" ind1="0" ind2=" ">
      <subfield code="a">Juliana</subfield>
      <subfield code="c">Württemberg, Herzogin</subfield>
      <subfield code="d">1615-1691</subfield>
    </datafield>
    <datafield tag="400" ind1="0" ind2=" ">
      <subfield code="a">Juliane</subfield>
      <subfield code="c">Württemberg-Weiltingen, Herzogin</subfield>
      <subfield code="d">1615-1691</subfield>
    </datafield>
    <datafield tag="400" ind1="0" ind2=" ">
      <subfield code="a">Juliane</subfield>
      <subfield code="c">Württemberg, Herzogin</subfield>
      <subfield code="d">1615-1691</subfield>
    </datafield>
    <datafield tag="400" ind1="0" ind2=" ">
      <subfield code="a">Juliana</subfield>
      <subfield code="c">Oldenburg, Gräfin</subfield>
      <subfield code="d">1615-1691</subfield>
      <subfield code="4">nafr</subfield>
      <subfield code="4">https://d-nb.info/standards/elementset/gnd#EarlierNameOfThePerson</subfield>
      <subfield code="w">r</subfield>
      <subfield code="i">Frueherer Name</subfield>
      <subfield code="e">Frueherer Name</subfield>
    </datafield>
    <datafield tag="400" ind1="0" ind2=" ">
      <subfield code="a">Juliana</subfield>
      <subfield code="c">Oldenburg-Delmenhorst, Gräfin</subfield>
      <subfield code="d">1615-1691</subfield>
      <subfield code="4">nafr</subfield>
      <subfield code="4">https://d-nb.info/standards/elementset/gnd#EarlierNameOfThePerson</subfield>
      <subfield code="w">r</subfield>
      <subfield code="i">Frueherer Name</subfield>
      <subfield code="e">Frueherer Name</subfield>
    </datafield>
    <datafield tag="400" ind1="0" ind2=" ">
      <subfield code="a">Juliane</subfield>
      <subfield code="c">Oldenburg, Gräfin</subfield>
      <subfield code="d">1615-1691</subfield>
      <subfield code="4">nafr</subfield>
      <subfield code="4">https://d-nb.info/standards/elementset/gnd#EarlierNameOfThePerson</subfield>
      <subfield code="w">r</subfield>
      <subfield code="i">Frueherer Name</subfield>
      <subfield code="e">Frueherer Name</subfield>
    </datafield>
    <datafield tag="400" ind1="0" ind2=" ">
      <subfield code="a">Juliane</subfield>
      <subfield code="c">Oldenburg-Delmenhorst, Gräfin</subfield>
      <subfield code="d">1615-1691</subfield>
      <subfield code="4">nafr</subfield>
      <subfield code="4">https://d-nb.info/standards/elementset/gnd#EarlierNameOfThePerson</subfield>
      <subfield code="w">r</subfield>
      <subfield code="i">Frueherer Name</subfield>
      <subfield code="e">Frueherer Name</subfield>
    </datafield>
    <datafield tag="500" ind1="0" ind2=" ">
      <subfield code="0">(DE-101)122800877</subfield>
      <subfield code="0">(DE-588)122800877</subfield>
      <subfield code="0">https://d-nb.info/gnd/122800877</subfield>
      <subfield code="a">Manfred</subfield>
      <subfield code="b">I.</subfield>
      <subfield code="c">Württemberg-Weiltingen, Herzog</subfield>
      <subfield code="d">1626-1662</subfield>
      <subfield code="4">bezf</subfield>
      <subfield code="4">https://d-nb.info/standards/elementset/gnd#familialRelationship</subfield>
      <subfield code="w">r</subfield>
      <subfield code="i">Beziehung familiaer</subfield>
      <subfield code="e">Beziehung familiaer</subfield>
      <subfield code="9">v:Ehemann</subfield>
    </datafield>
    <datafield tag="500" ind1="0" ind2=" ">
      <subfield code="0">(DE-101)124908004</subfield>
      <subfield code="0">(DE-588)124908004</subfield>
      <subfield code="0">https://d-nb.info/gnd/124908004</subfield>
      <subfield code="a">Anton</subfield>
      <subfield code="c">Oldenburg, Graf</subfield>
      <subfield code="d">1550-1619</subfield>
      <subfield code="4">bezf</subfield>
      <subfield code="4">https://d-nb.info/standards/elementset/gnd#familialRelationship</subfield>
      <subfield code="w">r</subfield>
      <subfield code="i">Beziehung familiaer</subfield>
      <subfield code="e">Beziehung familiaer</subfield>
      <subfield code="9">v:Vater</subfield>
    </datafield>
    <datafield tag="500" ind1="0" ind2=" ">
      <subfield code="0">(DE-101)12193084X</subfield>
      <subfield code="0">(DE-588)12193084X</subfield>
      <subfield code="0">https://d-nb.info/gnd/12193084X</subfield>
      <subfield code="a">Sibylle Elisabeth</subfield>
      <subfield code="c">Oldenburg, Gräfin</subfield>
      <subfield code="d">1576-1630</subfield>
      <subfield code="4">bezf</subfield>
      <subfield code="4">https://d-nb.info/standards/elementset/gnd#familialRelationship</subfield>
      <subfield code="w">r</subfield>
      <subfield code="i">Beziehung familiaer</subfield>
      <subfield code="e">Beziehung familiaer</subfield>
      <subfield code="9">v:Mutter</subfield>
    </datafield>
    <datafield tag="500" ind1="0" ind2=" ">
      <subfield code="0">(DE-101)120100177</subfield>
      <subfield code="0">(DE-588)120100177</subfield>
      <subfield code="0">https://d-nb.info/gnd/120100177</subfield>
      <subfield code="a">Anton Heinrich</subfield>
      <subfield code="c">Oldenburg, Graf</subfield>
      <subfield code="d">1604-1623</subfield>
      <subfield code="4">bezf</subfield>
      <subfield code="4">https://d-nb.info/standards/elementset/gnd#familialRelationship</subfield>
      <subfield code="w">r</subfield>
      <subfield code="i">Beziehung familiaer</subfield>
      <subfield code="e">Beziehung familiaer</subfield>
      <subfield code="9">v:Bruder</subfield>
    </datafield>
    <datafield tag="500" ind1="0" ind2=" ">
      <subfield code="0">(DE-101)104183551</subfield>
      <subfield code="0">(DE-588)104183551</subfield>
      <subfield code="0">https://d-nb.info/gnd/104183551</subfield>
      <subfield code="a">Friedrich Ferdinand</subfield>
      <subfield code="c">Württemberg, Herzog</subfield>
      <subfield code="d">1654-1705</subfield>
      <subfield code="4">bezf</subfield>
      <subfield code="4">https://d-nb.info/standards/elementset/gnd#familialRelationship</subfield>
      <subfield code="w">r</subfield>
      <subfield code="i">Beziehung familiaer</subfield>
      <subfield code="e">Beziehung familiaer</subfield>
      <subfield code="9">v:Sohn</subfield>
    </datafield>
    <datafield tag="500" ind1="0" ind2=" ">
      <subfield code="0">(DE-101)1187289876</subfield>
      <subfield code="0">(DE-588)1187289876</subfield>
      <subfield code="0">https://d-nb.info/gnd/1187289876</subfield>
      <subfield code="a">August</subfield>
      <subfield code="c">Württemberg-Weiltingen, Herzog</subfield>
      <subfield code="d">1656-1689</subfield>
      <subfield code="4">bezf</subfield>
      <subfield code="4">https://d-nb.info/standards/elementset/gnd#familialRelationship</subfield>
      <subfield code="w">r</subfield>
      <subfield code="i">Beziehung familiaer</subfield>
      <subfield code="e">Beziehung familiaer</subfield>
      <subfield code="9">v:Sohn</subfield>
    </datafield>
    <datafield tag="500" ind1="0" ind2=" ">
      <subfield code="0">(DE-101)121762855X</subfield>
      <subfield code="0">(DE-588)121762855X</subfield>
      <subfield code="0">https://d-nb.info/gnd/121762855X</subfield>
      <subfield code="a">Manfred</subfield>
      <subfield code="b">II.</subfield>
      <subfield code="c">Württemberg-Weiltingen, Herzog</subfield>
      <subfield code="d">1658-1688</subfield>
      <subfield code="4">bezf</subfield>
      <subfield code="4">https://d-nb.info/standards/elementset/gnd#familialRelationship</subfield>
      <subfield code="w">r</subfield>
      <subfield code="i">Beziehung familiaer</subfield>
      <subfield code="e">Beziehung familiaer</subfield>
      <subfield code="9">v:Sohn</subfield>
    </datafield>
    <datafield tag="548" ind1=" " ind2=" ">
      <subfield code="a">1615-1691</subfield>
      <subfield code="4">datl</subfield>
      <subfield code="4">https://d-nb.info/standards/elementset/gnd#dateOfBirthAndDeath</subfield>
      <subfield code="w">r</subfield>
      <subfield code="i">Lebensdaten</subfield>
    </datafield>
    <datafield tag="667" ind1=" " ind2=" ">
      <subfield code="a">VD-17</subfield>
    </datafield>
    <datafield tag="672" ind1=" " ind2="0">
      <subfield code="a">Lütkemann, Joachim: Die Lust und Pracht einer Fürstlichen doch geistlichen Vermählung. - 1652</subfield>
    </datafield>
    <datafield tag="678" ind1=" " ind2=" ">
      <subfield code="b">Tochter von Anton &lt;Oldenburg, Graf, II.&gt;</subfield>
    </datafield>
    <datafield tag="913" ind1=" " ind2=" ">
      <subfield code="S">pnd</subfield>
      <subfield code="i">5</subfield>
      <subfield code="a">Juliana &lt;Württemberg-Weiltingen, Herzogin&gt;</subfield>
      <subfield code="0">(DE-588a)122800915</subfield>
    </datafield>
  </record>
